
@Article{blast-update,
  author =	 {L. S. Blackford and J. Demmel and J. Dongarra and
                  I. Duff and S. Hammarling and G. Henry and M. Heroux
                  and L. Kaufman and A. Lumsdaine and A. Petitet and
                  R. Pozo and K. Remington and R. C. Whaley},
  title =	 {An updated set of basic linear algebra subprograms
                  (BLAS)},
  journal =	 {ACM Trans. Math. Softw.},
  volume =	 28,
  number =	 2,
  year =	 2002,
  issn =	 {0098-3500},
  pages =	 {135--151},
  doi =		 {http://doi.acm.org/10.1145/567806.567807},
  publisher =	 {ACM},
  address =	 {New York, NY, USA},
}

@Article{blast-report,
  author =	 {S. Blackford and G. Corliss and J. Demmel and
                  J. Dongarra and I. Duff and G. Hammarling and
                  G. Henry and M. Heroux and C. Hu and W. Kahan and
                  L. Kaufmann and B. Kearfott and F. Krogh and X. Li
                  and X. Maany and A. Petitet and R. Pozo and
                  K. Remington and W. Walster and C. Whaley and
                  V. Wolff and J. Gudenberg and A. Lumsdaine},
  title =	 {Basic Linear Algebra Subprograms Technical (BLAST)
                  Forum Standard},
  journal =	 {International Journal of High Performance
                  Applications and Supercomputing},
  year =	 2002,
  volume =	 16,
  number =	 1
}

@Book{linear-algebra,
  author =	 {James W. Demmel},
  title =	 {Applied Numerical Linear Algebra},
  publisher =	 {Society for Industrial and Applied Mathematics},
  year =	 1997
}

@Book{NumAlgoC,
  author =	 {Gisela Engeln-M\"{u}llges and Frank Uhlig},
  title =	 {Numerical Algorithms with C},
  publisher =	 {Springer},
  year =	 1996
}

@Book{lapack,
  author =	 {E. Anderson and Z. Bai and C. Bischof and
                  S. Blackford and J. Demmel and J. Dongarra and J. Du
                  Croz and A. Greenbaum and S. Hammarling and
                  A. McKenney and D. Sorensen},
  title =	 {LAPACK Users' Guide},
  publisher =	 {Society for Industrial and Applied Mathematics},
  year =	 1999,
  series =	 {Software, environments, tools},
  edition =	 {3rd}
}

@Article{blas:1,
  author =	 {C. L. Lawson and R. J. Hanson and D. R. Kincaid and
                  F. T. Krogh},
  title =	 {Basic Linear Algebra Subprograms for Fortran Usage},
  journal =	 {ACM Trans. Math. Softw.},
  volume =	 5,
  number =	 3,
  year =	 1979,
  issn =	 {0098-3500},
  pages =	 {308--323},
  doi =		 {http://doi.acm.org/10.1145/355841.355847},
  publisher =	 {ACM},
  address =	 {New York, NY, USA},
}

@Article{blas:2,
  author =	 {Jack J. Dongarra and Jeremy Du Croz and Sven
                  Hammarling and Richard J. Hanson},
  title =	 {An extended set of FORTRAN basic linear algebra
                  subprograms},
  journal =	 {ACM Trans. Math. Softw.},
  volume =	 14,
  number =	 1,
  year =	 1988,
  issn =	 {0098-3500},
  pages =	 {1--17},
  doi =		 {http://doi.acm.org/10.1145/42288.42291},
  publisher =	 {ACM},
  address =	 {New York, NY, USA},
}

@Article{blas:3,
  author =	 {J. J. Dongarra and Jeremy Du Croz and Sven
                  Hammarling and I. S. Duff},
  title =	 {A set of level 3 basic linear algebra subprograms},
  journal =	 {ACM Trans. Math. Softw.},
  volume =	 16,
  number =	 1,
  year =	 1990,
  issn =	 {0098-3500},
  pages =	 {1--17},
  doi =		 {http://doi.acm.org/10.1145/77626.79170},
  publisher =	 {ACM},
  address =	 {New York, NY, USA},
}

@InProceedings{cl-critique,
  author =	 {Rodney A. Brooks and Richard P. Gabriel},
  title =	 {A critique of common LISP},
  booktitle =	 {LFP '84: Proceedings of the 1984 ACM Symposium on
                  LISP and functional programming},
  year =	 1984,
  isbn =	 {0-89791-142-3},
  pages =	 {1--8},
  location =	 {Austin, Texas, United States},
  doi =		 {http://doi.acm.org/10.1145/800055.802016},
  publisher =	 {ACM},
  address =	 {New York, NY, USA},
}

@Article{cl-float,
  author =	 {Richard J. Fateman and Kevin A. Broughan and Diane
                  K. Willcock and Duane Rettig},
  title =	 {Fast floating-point processing in Common Lisp},
  journal =	 {ACM Trans. Math. Softw.},
  volume =	 21,
  number =	 1,
  year =	 1995,
  issn =	 {0098-3500},
  pages =	 {26--62},
  doi =		 {http://doi.acm.org/10.1145/200979.200989},
  publisher =	 {ACM},
  address =	 {New York, NY, USA},
}

@InProceedings{lisp-evolution,
  author =	 {Guy L. Steele and Richard P. Gabriel},
  title =	 {The evolution of Lisp},
  booktitle =	 {History of programming languages---II},
  year =	 1996,
  isbn =	 {0-201-89502-1},
  pages =	 {233--330},
  doi =		 {http://doi.acm.org/10.1145/234286.1057818},
  publisher =	 {ACM},
  address =	 {New York, NY, USA},
}

@Book{CLTL1,
  author =	 {Guy Steele},
  title =	 {Common Lisp: The Language},
  year =	 1984,
  isbn =	 {093237641-X},
  publisher =	 {Digital Press},
  address =	 {Newton, MA, USA},
}

@TechReport{CMUCL,
  author =	 {Robert A. MacLachlan},
  title =	 {CMU Common Lisp User''s Manual},
  year =	 1992,
  institution =	 {Carnegie Mellon University},
  address =	 {Pittsburgh, PA, USA},
}

@TechReport{lawn148,
  author = 	 {D. Bindel and J. Demmel and W. Kahan and O. Marques},
  title = 	 {On computing Givens rotations reliably and efficiently},
  institution =  {University of Tennessee},
  year = 	 2001,
  type =	 {LAPACK Working Note 148},
  number =	 {UT-CS-00-449},
  month =	 {January 31}
}
